% This file was created with JabRef 2.3.1.
% Encoding: Cp1252
% Datas de acesso e de publicação de artivo devem ser abreviadas
% Exemplo: 18 fev. 2011, com excessão de maio
% Meses que aparecem em publicações, como periódicos, também devem ser abrevidados.

@MISC{abnTeX2009,
  author = {abnTeX},
  title = {Absurdas normas para \TeX},
  year = {2009},
  owner = {Hugo},
  timestamp = {2009.11.08},
  url = {http://sourceforge.net/apps/ mediawiki/abntex/index.php},
  urlaccessdate = {8 nov. 2011}
}

@inproceedings{singh2004reasoning,
  title={Reasoning about molecular similarity and properties},
  author={Singh, Rahul},
  booktitle={Computational Systems Bioinformatics Conference, 2004. CSB 2004. Proceedings. 2004 IEEE},
  pages={266--277},
  year={2004},
  organization={IEEE}
}

@MISC{BibTeX2009,
  author = {BibTeX},
  title = {Bib\TeX.org},
  year = {2009},
  owner = {Hugo},
  timestamp = {2009.11.08},
  url = {http://www.bibtex.org},
  urlaccessdate = {8 nov. de 2011}
}

@BOOK{Buerger1989,
  title = {\LaTeX\ for scientists and engineers},
  publisher = {McGraw-Hill},
  year = {1989},
  author = {Buerger, David John},
  address = {Singapura},
  owner = {Hugo},
  timestamp = {2009.11.08}
}

@MISC{CTAN2009,
  author = {CTAN},
  title = {The comprehensive \TeX\ archive network},
  year = {2009},
  owner = {Hugo},
  timestamp = {2009.11.08},
  url = {http://www.ctan. org},
  urlaccessdate = {8 nov. de 2011}
}

@BOOK{DAELN2006,
  title = {Normas de apresenta\c{c}\~ao de trabalhos acad\^emicos do {DAELN}},
  publisher = {Departamento Acad\^emico de Eletr\^onica da UTFPR},
  year = {2006},
  editor = {David, Denise Elizabeth Hey and Crocetti, Simone},
  author = {DAELN},
  address = {Curitiba},
  owner = {Hugo},
  timestamp = {2009.11.08}
}

@BOOK{Goossens2007,
  title = {The \LaTeX\ graphics companion},
  publisher = {Addison-Wesley},
  year = {2007},
  author = {Goossens, Michel and Mittelbach, Frank and Rahtz, Sebastian and Roegel,
	Denis and Voss, Herbert},
  address = {Boston},
  edition = {2},
  owner = {Hugo},
  timestamp = {2009.11.08}
}

@MISC{JabRef2009,
  author = {JabRef},
  title = {JabRef reference manager},
  year = {2009},
  owner = {Hugo},
  timestamp = {2009.11.08},
  url = {http://jabref.sourceforge.net},
  urlaccessdate = {8 nov. 2011}
}

@BOOK{Kopka2003,
  title = {Guide to \LaTeX},
  publisher = {Addison-Wesley},
  year = {2003},
  author = {Kopka, Helmut and Daly, Patrick W.},
  address = {Boston},
  edition = {4},
  owner = {Hugo},
  timestamp = {2009.11.08}
}

@BOOK{Lamport1986,
  title = {\LaTeX: \normalfont a document preparation system},
  publisher = {Addison-Wesley},
  year = {1986},
  author = {Lamport, Leslie},
  address = {Boston},
  owner = {Hugo},
  timestamp = {2009.11.08}
}

@MISC{LaTeX2009,
  author = {LaTeX},
  title = {The \LaTeX\ project},
  year = {2009},
  owner = {Hugo},
  timestamp = {2009.11.08},
  url = {http://www.latex-project.org},
  urlaccessdate = {8 nov. de 2011}
}

@MISC{Mendeley2009,
  author = {Mendeley},
  title = {Mendeley: \normalfont academic software for research papers},
  year = {2009},
  owner = {Hugo},
  timestamp = {2009.11.08},
  url = {http://www.mendeley.com},
  urlaccessdate = {8 nov. de 2011}
}

@MISC{MiKTeX2009,
  author = {MiKTeX},
  title = {The MiK\TeX\ project},
  year = {2009},
  owner = {Hugo},
  timestamp = {2009.11.08},
  url = {http://www.miktex.org},
  urlaccessdate = {8 nov. de 2011}
}

@BOOK{Mittelbach2004,
  title = {The \LaTeX\ companion},
  publisher = {Addison-Wesley},
  year = {2004},
  author = {Mittelbach, Frank and Goossens, Michel and Braams, Johannes and Carlisle,
	David and Rowley, Chris},
  address = {Boston},
  edition = {2},
  owner = {Hugo},
  timestamp = {2009.11.08}
}

@MISC{TeX-Br2009,
  author = {TeX-BR},
  title = {Comunidade \TeX-Br},
  year = {2009},
  owner = {Hugo},
  timestamp = {2009.11.08},
  url = {http://www.tex-br.org/index.php},
  urlaccessdate = {8 nov. 2011}
}

@MISC{TeXnicCenter2009,
  author = {TeXnicCenter},
  title = {\TeX nicCenter: \normalfont the center of your \LaTeX\ universe},
  year = {2009},
  owner = {Hugo},
  timestamp = {2009.11.08},
  url = {http://www.texniccenter.org},
  urlaccessdate = {8 nov. 2011}
}

@BOOK{UTFPR2008,
  title = {Normas para elabora\c{c}\~ao de trabalhos acad\^emicos},
  publisher = {Universidade Tecnol\'ogica Federal do Paran\'a},
  year = {2008},
  editor = {Reitoria},
  author = {UTFPR},
  address = {Curitiba},
  owner = {Hugo},
  timestamp = {2009.11.08}
}

@MISC{Wikibooks2009,
  author = {Wikibooks},
  title = {\LaTeX},
  year = {2009},
  owner = {Hugo},
  timestamp = {2009.11.08},
  url = {http://en.wikibooks.org/wiki/LaTeX},
  urlaccessdate = {8 nov. 2011}
}

@Article{rodrigues2012,
  title={Estrat{\'e}gias de Triagem Virtual no Planejamento de F{\'a}rmacos},
  author={Rodrigues, Ricardo P and Mantoani, Susimaire P and de Almeida, Jonathan R and Pinsetta, Fl{\'a}vio Roberto and Semighini, Evandro P and da Silva, Vinicius B and da Silva, Carlos Henrique TP},
  journal={Revista Virtual de Qu{\'\i}mica},
  volume={4},
  number={6},
  pages={739--776},
  year={2012}
}
@article{li2010pubchem,
  title={PubChem as a public resource for drug discovery},
  author={Li, Qingliang and Cheng, Tiejun and Wang, Yanli and Bryant, Stephen H},
  journal={Drug discovery today},
  volume={15},
  number={23},
  pages={1052--1057},
  year={2010},
  publisher={Elsevier}
}

@book{kubinyi2008virtual,
  title={Virtual screening for bioactive molecules},
  author={Kubinyi, Hugo and Mannhold, Raimund and Timmerman, Hendrik and B{\"o}hm, Hans-Joachim and Schneider, Gisbert},
  volume={10},
  year={2008},
  publisher={John Wiley \& Sons}
}
@article{pavlov2011indigo,
  title={Indigo: universal cheminformatics API.},
  author={Pavlov, Dmitry and Rybalkin, Mikhail and Karulin, Boris and Kozhevnikov, Mikhail and Savelyev, Alexey and Churinov, A},
  journal={J. Cheminformatics},
  volume={3},
  number={S-1},
  pages={4},
  year={2011}
}

@article{irwin2005zinc,
  title={ZINC-a free database of commercially available compounds for virtual screening},
  author={Irwin, John J and Shoichet, Brian K},
  journal={Journal of chemical information and modeling},
  volume={45},
  number={1},
  pages={177--182},
  year={2005},
  publisher={ACS Publications}
}

@article{kumar2012,
  title={Applications of Chemoinformatics in Drug Discovery
: Substructure/Structure Search},
  author={Kumar, Ajay},
  journal={Asian Journal of Biochemical and Pharmaceutical Research},
  volume={2},
  number={4},
  pages={135--143},
  year={2012},
  publisher={AJBPAD}
}


